@article{Fischer2025,
   author = {David S Fischer and others},
   doi = {10.1038/s41576-025-00821-6},
   issue = {3},
   journal = {Nature Reviews Genetics},
   pages = {178-196},
   publisher = {Nature Publishing Group},
   title = {Adapting systems biology to address the complexity of human disease},
   volume = {26},
   year = {2025}
}
@article{Naylor2010,
   author = {Stanley Naylor},
   doi = {10.2217/pme.10.16},
   issue = {3},
   journal = {Personalized Medicine},
   pages = {275-289},
   publisher = {Future Medicine},
   title = {Unraveling human complexity and disease with systems biology and personalized medicine},
   volume = {7},
   year = {2010}
}
@misc{Consortium,
   author = {STRING Consortium},
   note = {Accessed October 2025},
   title = {STRING: functional protein association networks},
   year = {2021}
}
@article{Szklarczyk2025,
   author = {Damian Szklarczyk and others},
   doi = {10.1093/nar/gkae1177},
   issue = {D1},
   journal = {Nucleic Acids Research},
   pages = {D730–D740},
   publisher = {Oxford University Press},
   title = {STRING database in 2025: protein networks with directionality and experimental evidence},
   volume = {53},
   year = {2025}
}
@article{Robinson2008,
   author = {Peter N Robinson and others},
   doi = {10.1016/j.ajhg.2008.09.017},
   issue = {5},
   journal = {American Journal of Human Genetics},
   pages = {610-615},
   publisher = {Elsevier},
   title = {The Human Phenotype Ontology: a tool for annotating and analyzing human hereditary disease},
   volume = {83},
   year = {2008}
}
@article{Khler2021,
   author = {Sebastian Kohler and others},
   doi = {10.1093/nar/gkaa1043},
   issue = {D1},
   journal = {Nucleic Acids Research},
   pages = {D1207–D1217},
   publisher = {Oxford University Press},
   title = {The Human Phenotype Ontology in 2021},
   volume = {49},
   year = {2021}
}
@misc{ofLondon2023,
   author = {Queen Mary University of London},
   note = {Accessed October 2025},
   title = {Researchers find genetic cause of Raynaud's phenomenon},
   year = {2023}
}
@article{Hartmann2023,
   author = {Saskia Hartmann and others},
   doi = {10.1038/s41467-023-41876-5},
   journal = {Nature Communications},
   pages = {6498},
   publisher = {Nature Publishing Group},
   title = {ADRA2A and IRX1 are putative risk genes for Raynaud's phenomenon},
   volume = {14},
   year = {2023}
}
@article{Fardoun2016,
   author = {Manal M Fardoun and others},
   doi = {10.3389/fphar.2016.00438},
   journal = {Frontiers in Pharmacology},
   pages = {438},
   publisher = {Frontiers Media SA},
   title = {Raynaud's Phenomenon: A Brief Review of the Underlying Mechanisms},
   volume = {7},
   year = {2016}
}
@article{Flavahan2008,
   author = {Nicholas A Flavahan},
   doi = {10.1016/j.rdc.2007.12.005},
   issue = {1},
   journal = {Rheumatic Disease Clinics of North America},
   pages = {81--vii},
   publisher = {Elsevier},
   title = {Regulation of vascular reactivity in scleroderma: new insights into Raynaud's phenomenon},
   volume = {34},
   year = {2008}
}
@inbook{Musa2023,
   author = {Ramsha Musa and others},
   city = {Treasure Island (FL)},
   booktitle = {StatPearls [Internet]},
   publisher = {StatPearls Publishing},
   title = {Raynaud Disease},
   year = {2023}
}
@article{Herrick2005,
   author = {Ariane L Herrick},
   doi = {10.1093/rheumatology/keh552},
   issue = {5},
   journal = {Rheumatology},
   pages = {587-596},
   publisher = {Oxford University Press},
   title = {Pathogenesis of Raynaud's phenomenon},
   volume = {44},
   year = {2005}
}
@article{Nawaz2022,
   author = {Iram Nawaz and others},
   doi = {10.7759/cureus.21000},
   issue = {1},
   journal = {Cureus},
   pages = {e21000},
   title = {Raynaud's Phenomenon: Reviewing the Pathophysiology and Treatment Options},
   volume = {14},
   year = {2022}
}
@misc{Medscape2024,
   author = {Medscape},
   note = {Accessed October 2025},
   title = {Raynaud Phenomenon: Background, Pathophysiology},
   year = {2024}
}
